5167 5917
739 735 811 855 3².
1059 679 1847 819 ORATIO.

576 1021 580 1027 ·
667 995 678 1005 “
730 993 820 1079 tos
879 948 982 1079 fibi
1022 948 1346 1116 Prophetas
1396 948 1657 1111 indicare
1698 954 1908 1103 novit,
1979 962 2107 1123 qui-

734 1220 856 1341 que.
878 1173 1047 1340 srgnis
1070 1216 1194 1338 pro
1231 1214 1475 1325 rerum,
1532 1166 1974 1340 hominumque
2004 1222 2104 1303 va-

732 1398 933 1523 rietate
980 1355 1249 1545 variatis,
1303 1395 1531 1561 optime
1593 1394 1710 1523 sese
1763 1400 1938 1525 totius
1981 1402 2105 1529 Re·

737 1620 1088 1767 velationis,
1142 1619 1306 1743 haud·
1348 1659 1469 1743 uno
1519 1656 1789 1785 tempore
1837 1620 2107 1745 consum·

738 1844 1028 2003 manda,
1085 1836 1312 1964 fontem
1362 1838 1723 2001 demonstrat,
1769 1851 1825 1987 ὃς
1877 1840 2109 1986 scaturi-

743 2064 962 2231 ginem.
1015 2154 1019 2161 -
1052 2060 1179 2221 Qui
1205 2062 1402 2224 itaque
1434 2058 1774 2221 hujusmodi
1802 2100 1963 2189 noras
1994 2104 2103 2229 po-

744 2283 949 2407 stulare
965 2372 981 2430 ,
1011 2282 1112 2444 qui
1141 2324 1232 2405 eas
1257 2279 1523 2441 definire,
1551 2283 1740 2405 immo
1757 2372 1772 2429 ,
1791 2283 1950 2445 quod
1978 2284 2105 2445 plus

748 2506 860 2653 est,
885 2502 1011 2670 ¹qui
1052 2503 1153 2623 uni
1178 2496 1310 2641 loli
1344 2540 1589 2623 omnem
1630 2501 1754 2641 vim
1780 2536 1952 2665 atque
1981 2508 2115 2656 qvi.'

749 2725 1007 2853 dentiam
1032 2720 1376 2871 attribuere,
1419 2722 1596 2887 eique
1623 2722 1700 2847 ita
1724 2719 1974 2849 insistere
1995 2724 2106 2852 ¹srbi

747 2949 1018 3112 adrogat,
1046 2980 1109 3067 ut
1133 2978 1395 3089 caeteraS,
1423 2945 1792 3103 quantumvis
1820 2936 2106 3105 indubias,

753 3148 1095 3328 admittere,
1126 3158 1592 3327 *veladtendere
1637 3160 2017 3327 dedignetur,
2063 3180 2109 3297 is

754 3390 887 3529 lane
913 3359 1451 3547 vanitatem-prodit
1478 3382 1888 3510 incredibilem
1910 3432 1935 3531 r
1955 3385 2109 3515 sum-

667 3762 673 3773 ·
754 3660 865 3760 rnae
908 3606 1259 3773 Sapientia,
1321 3578 1824 3768 quemadmodum
1864 3614 2110 3772 potesta·

755 3876 909 3978 tem,
942 3828 1414 3989 majestatemque
1443 3826 1732 3975 ostendat,
1763 3824 2104 3989 praescribit;

759 4006 983 4183 nullam
1008 4086 1138 4187 ante
1160 4042 1346 4169 Mons
1372 4076 1593 4171 etatem
1616 4046 1991 4209 Religionem
2008 4094 2110 4177 ve·

760 4320 824 4405 re
859 4272 1170 4417 Divinam,
1214 4265 1312 4388 vel
1355 4302 1510 4391 certe
1551 4264 1674 4391 satis
1718 4268 2107 4423 firmatam,in
2293 4252 2297 4263 ⁴

753 4498 903 4661 orbe
929 4490 1091 4661 soille
1116 4490 1319 4655 docet,
1344 4484 1730 4655 saniliffimoJ
1750 4492 1793 4613 E
1810 4491 1866 4615 H
1886 4494 2110 4649 ΟΜ

1995 4756 2109 4839 rm-
