5167 5917
709 636 785 759 52
934 554 1057 717 Ο
1141 586 1195 713 R
1278 587 1331 710 A
1414 578 1477 709 T
1560 558 1588 711 l
1672 588 1749 714 O

558 960 568 969 .
707 857 826 987 sese
858 850 1161 1022 profitetur
1194 848 1588 1019 Philosophus
1633 850 2017 979 Betolinensts
2041 916 2065 1003 ·‚

712 1082 1053 1209 ulteriorem
1072 1075 1155 1199 de
1172 1074 1488 1239 Religione
1516 1070 1919 1249 disculsronem
1950 1072 2072 1239 spe·

620 1462 623 1465 .
715 1298 875 1429 ciosrs
903 1296 1215 1425 rationibus
1241 1296 1597 1451 declinaret,
1638 1296 2080 1479 constanterque
2200 1358 2204 1365 ·

716 1523 1071 1663 detredaret.
1177 1647 1195 1676 N
1694 1666 1698 1682 1

667 1815 717 1884 χ’
801 1743 926 1899 Qui
956 1743 1156 1861 Deum
1182 1742 1347 1857 novit
1377 1748 1434 1859 δε
1458 1740 1768 1857 hominem
1790 1760 1966 1883 ‚non
1992 1737 2079 1912 uti

718 1960 983 2127 fingitur,
1011 1957 1109 2080 sed
1126 1956 1210 2079 uti
1235 1997 1438 2081 revera
1466 1956 1566 2101 est,
1590 1952 1992 2121 indignatione
2017 2000 2085 2081 ac

715 2138 931 2307 dolore
957 2198 1366 2299 commovetur
1384 2267 1399 2324 ,
1416 2174 1557 2297 dum
1573 2172 1769 2295 secum
1794 2177 1856 2299 in
1884 2176 2084 2299 animo

721 2386 1222 2532 consideratvaria
1247 2395 1588 2544 molimina,
1616 2394 1821 2557 quibus
1846 2396 2085 2537 Divini·
2278 2354 2282 2363 ’

723 2662 812 2749 tus
849 2622 1067 2749 tradita
1113 2616 1452 2784 disciplina*
1473 2615 1796 2743 oblnsletur
1834 2657 2087 2765 vanum,

727 2846 1136 3009 ingratumque
1176 2840 1514 2965 mortalium
1542 2872 1748 3001 genus:
1783 2838 1927 2964 Non
1954 2878 2088 2959 rno-

730 3064 810 3189 do
825 3062 1153 3201 coelestem,
1175 3094 1300 3216 quae
1328 3090 1526 3175 veram
1559 3051 1900 3211 expiationis
1914 3058 2090 3175 ratio·

730 3320 872 3407 nem
910 3272 1239 3443 patefecit,
1291 3268 1646 3434 Sapientiam
1698 3270 1864 3395 stulte
1916 3270 2108 3437 septa-=
2192 3328 2198 3343 ·
2251 3300 2308 3397 .“

731 3494 1055 3651 nunt2-sed
1087 3504 1176 3642 &‚
1207 3534 1333 3657 quae
1376 3492 1438 3615 in
1470 3490 1785 3655 Religione
1826 3472 2088 3639 Naturali
2179 3511 2190 3521 “’
2246 3446 2278 3479 ”

681 3883 685 3891 ⁸
736 3712 1278 3881 extant‚necessariae
1294 3710 1692 3876 Revelationia
1719 3709 2091 3841 fundamenta

734 3941 1014 4069 subruere
1044 3935 1292 4062 minime
1319 3966 1607 4055 verentur.
1636 3932 1965 4058 Virtutibus
1978 3936 2088 4059 Di-

738 4162 889 4285 vinis
917 4191 1140 4281 tantum
1167 4155 1447 4317 derogant
1479 4243 1495 4305 ,
1551 4185 1891 4322 tantumque
1934 4159 2090 4324 attri-

737 4382 921 4511 huunt
943 4374 1169 4506 absurdi
1189 4422 1211 4523 ς,
1235 4376 1726 4525 humaniseontra
1752 4409 1974 4501 tanturn
2005 4376 2089 4501 vi-

739 4606 897 4757 ribus
921 4604 1174 4759 addunt,
1214 4602 1406 4768 deque
1435 4598 1686 4726 humana
1714 4598 2089 4764 corruptione
