5167 5917
781 702 1545 862 onarro.
1797 774 2095 901 27·

511 999 755 1126 maximi
780 1001 1071 1127 interesset
1103 1098 1119 1155 ,
1159 1041 1230 1125 ex
1255 998 1422 1124 omni
1465 997 1869 1151 serenatione,
1982 1010 1989 1019 '

510 1220 704 1345 israeli
729 1219 1106 1374 accefferunt,
1138 1225 1241 1387 qui
1284 1224 1513 1388 origine
1553 1225 1645 1383 (ut
1665 1220 1873 1346 dicun·
1948 1356 1951 1363 ,

509 1447 646 1603 tur)
678 1444 911 1570 Ethnici
926 1533 946 1596 ‚
988 1445 1061 1569 ad
1086 1444 1422 1605 judeorum
1451 1443 1600 1569 sacra
1629 1436 1870 1595 adniffi,

512 1661 954 1833 Proselytorum
993 1668 1238 1794 nomine
1278 1666 1565 1795 veniunt:
1626 1665 1875 1791 totidem

511 1884 660 2049 quasa
707 1888 914 2048 legati,
955 1890 1089 2045 qui,
1119 1886 1463 2007 moderante
1495 1888 1745 2046 Spiritu,
1779 1926 1874 2005 ea-

511 2146 640 2228 rum
672 2106 938 2269 gentium
976 2104 1221 2229 nomine
1261 2105 1369 2228 toti
1410 2105 1649 2270 negotio
1693 2102 1875 2229 inter-

512 2324 776 2470 fuerunt,
823 2304 1089 2469 novum,
1136 2324 1622 2489 inopinatumque
1659 2330 1735 2453 de
1761 2328 1893 2451 cor?
1967 2384 1970 2393 >

511 2549 572 2667 lo
610 2543 881 2665 nuntium
915 2544 985 2664 ad
1018 2545 1172 2669 suam
1199 2544 1444 2703 quisque
1487 2500 1724 2707 gentem
1749 2588 1874 2671 ma·

514 2760 721 2889 nifesto
748 2764 1081 2886 testimonio
1118 2760 1563 2925 transportaturi.
1631 2786 1873 2935 Qlanta
1994 2884 2001 2891 .

514 3023 710 3113 autem
737 2986 951 3108 horum
977 2984 1208 3107 testium
1237 2978 1410 3107 fuerit
1435 2984 1785 3137 multitudo,
1807 3022 1876 3113 ex

514 3210 692 3330 tribus
721 3299 739 3355 ,
795 3246 875 3366 eo
909 3204 1009 3325 die
1045 3202 1284 3378 Christo
1312 3204 1732 3370 adscriptorum
1763 3208 1873 3389 ho·

516 3432 780 3573 minum,
811 3425 1067 3547 millibus
1093 3422 1376 3584 colligere
1400 3426 1464 3545 in
1496 3428 1747 3587 proclivi
1778 3430 1873 3556 est.

413 3968 420 3979 .
598 3863 786 3991 Inanis
826 3858 981 3984 soret.
1018 3861 1095 3985 de
1138 3858 1383 4021 majori,
1429 3860 1724 4023 minorive
1754 3870 1878 3991 evi-

415 4086 440 4095 *
517 4090 758 4237 dentiae,
801 4085 901 4209 vel
927 4084 1070 4209 certi
1099 4080 1279 4249 gradu
1327 4082 1680 4247 disputatio:
1729 4122 1875 4214 ¹eum

323 4336 327 4346 ’
427 4320 433 4327 ’
518 4310 789 4472 utrinque
816 4308 1072 4429 eundem
1093 4303 1244 4451 effe,
1285 4302 1551 4433 adserere
1578 4308 1746 4459 licet,
1771 4310 1875 4437 sed

518 4535 660 4662 alius
703 4525 1142 4697 quodammodo
1198 4518 1472 4695 generis,
1556 4572 1665 4695 pro
1704 4536 1873 4655 variis

1145 4748 1209 4873 D
1255 4797 1284 4871 2
1773 4792 1868 4874 re-
