5167 5917
801 650 1582 787 ottarto·
1772 678 1852 817 ‘51

495 962 629 1053 vrum
671 924 945 1052 vocandis
988 923 1300 1095 gentibus,
1340 924 1651 1053 vaticinia!
1703 922 1860 1093 Qia
1954 1016 1961 1035 .

496 1190 619 1293 non
660 1153 923 1317 ingenuo
958 1191 1097 1279 cum
1136 1151 1264 1284 veri
1299 1194 1503 1277 amore
1542 1145 1872 1277 difficulter

329 1421 337 1429 ’
494 1373 851 1528 conciliarit,
894 1377 1087 1543 srquis
1131 1378 1331 1501 cuneta
1359 1376 1554 1503 hacce
1596 1400 1854 1539 premat,

408 1618 416 1628 '
495 1592 638 1719 acsi
688 1599 761 1723 ad
787 1598 1080 1755 Iudaicam
1123 1596 1512 1763 Religionem
1558 1630 1859 1761 nunquam

493 1814 895 1977 pertinuissent
923 1800 952 1961 ‚³
998 1860 1066 1935 ac
1106 1815 1420 1973 fiantiquae
1460 1816 1860 1937 Revelationis

358 2047 360 2054 ’
475 2070 801 2201 utramque
851 2035 1123 2199 paginam
1174 2072 1296 2154 non
1362 2026 1569 2156 faciant
1592 2079 1616 2171 .;
1702 2024 1860 2195 quafi

335 2310 339 2317 ·
495 2256 818 2378 absolvatur
857 2286 975 2379 tota
1036 2266 1094 2375 ὅ(
1144 2256 1420 2417 perennis
1477 2254 1715 2419 Religio
1755 2256 1863 2417 Ju·]

497 2460 657 2601 daica
710 2475 919 2647 iiterali
974 2470 1090 2598 fine
1140 2473 1342 2637 spiritu
1392 2477 1860 2602 caerimoniarum

314 2803 320 2809 .
416 2704 421 2712 ’
490 2701 695 2863 Lege,
743 2736 869 2860 quae
908 2736 1028 2821 non
1072 2693 1173 2821 nist
1200 2696 1450 2823 exterior
1497 2670 1620 2857 ejui
1665 2706 1723 2821 ὅτ
1766 2734 1864 2866 ty·⁴

498 2922 627 3082 pica
667 2918 1032 3046 adumbratio
1072 2916 1224 3067 fuit,
1268 2918 1349 3043 ob
1388 2922 1732 3085 gravissimas
1753 2894 1864 3049 rau·⁴
1995 2890 2000 2901 ⁸

497 3143 687 3260 tiones
728 3136 799 3259 ad
845 3169 1077 3299 tempus
1117 3138 1439 3261 introdutta
1483 3190 1494 3258 :
1583 3182 1647 3264 ut
1685 3148 1864 3273 nimi·

499 3401 631 3487 rum
680 3358 881 3479 colore
924 3356 1179 3515 quodam
1224 3398 1344 3519 prae
1392 3358 1451 3476 se
1487 3354 1675 3508 ferat,
1732 3368 1862 3491 suae

501 3579 831 3743 Religionis
856 3612 975 3697 non
1016 3554 1172 3723 effe,
1215 3532 1351 3697 'ullo
1390 3574 1575 3697 modo
1613 3587 1860 3739 conari,

497 3833 565 3922 ut
612 3798 684 3921 ad
721 3797 862 3919 alios
902 3794 1161 3959 unquam
1211 3810 1604 3961 propagetur!
1635 3888 1640 3898 ·
1677 3804 1859 3964 Quod

343 4156 349 4167 ,
502 4022 746 4187 quidem
774 4020 1153 4195 absurdorum
1188 4016 1458 4146 omnium
1496 4020 1648 4149 mihi
1693 4023 1861 4154 vide·

373 4350 385 4358 ,
499 4279 592 4371 tur
639 4236 1112 4409 absurdissimum.
1326 4233 1334 4247 ’

388 4450 394 4457 ’
445 4495 449 4501 ·
547 4465 791 4595 Interim
817 4462 991 4594 causa
1018 4462 1144 4593 satis
1170 4463 1441 4593 videmus
1456 4418 1853 4640 ‚autaliquia

464 4794 470 4804 .
497 4736 531 4816 a
554 4688 954 4822 controversiis
979 4692 1154 4826 etiam
1182 4693 1376 4821 mintu
1403 4688 1651 4885 alienor,
1680 4694 1852 4859 quam

1174 4912 1235 5039 G
1282 4949 1312 5036 2
1763 4915 1848 5041 se-

1070 5407 1077 5417 ,
1163 5354 1205 5407 N
